@inbook{RN20915,
   author = {Gray, Charles T. and Marwick, Ben},
   title = {Truth, Proof, and Reproducibility: There's No Counter-Attack for the Codeless},
   booktitle = {Statistics and Data Science},
   series = {Communications in Computer and Information Science},
   chapter = {Chapter 8},
   pages = {111-129},
   ISBN = {978-981-15-1959-8
978-981-15-1960-4},
   DOI = {10.1007/978-981-15-1960-4_8},
   year = {2019},
   type = {Book Section}
}

@article{RN20916,
   author = {Peng, Roger D.},
   title = {Reproducible Research in Computational Science},
   journal = {Science},
   volume = {334},
   number = {6060},
   pages = {1226-7},
   ISSN = {1095-9203 (Electronic)
0036-8075 (Linking)},
   DOI = {10.1126/science.1213847},
   url = {https://www.ncbi.nlm.nih.gov/pubmed/22144613},
   year = {2011},
   type = {Journal Article}
}

@book{RN20917,
   author = {Gandrud, Christopher},
   title = {Reproducible Research with R and RStudio},
   publisher = {CRC Press},
   address = {London},
   series = {The R Series},
   year = {2014},
   type = {Book}
}

@article{RN20804,
   author = {Marwick, Ben},
   title = {Computational Reproducibility in Archaeological Research: Basic Principles and a Case Study of Their Implementation},
   journal = {Journal of Archaeological Method and Theory},
   volume = {24},
   number = {2},
   pages = {424-450},
   ISSN = {1072-5369
1573-7764},
   DOI = {10.1007/s10816-015-9272-9},
   year = {2016}
}

@article{RN21009,
   author = {IvanovaitÄ—, Livija and Serwatka, Kamil and Hoggard, Christian Steven and Sauer, Florian and Riede, Felix},
   title = {All these Fantastic Cultures? Research History and Regionalization in the Late Palaeolithic Tanged Point Cultures of Eastern Europe},
   journal = {European Journal of Archaeology},
   volume = {23},
   number = {2},
   pages = {162-185},
   ISSN = {1461-9571
1741-2722},
   DOI = {10.1017/eaa.2019.59},
   year = {2020}
}

@article{RN21001,
   author = {Selden Jr., Robert Z. and Dockall, John E. and Dubied, Morgane},
   title = {A Quantitative Assessment of Intraspecific Morphological Variation in Gahagan Bifaces from the Southern Caddo Area and Central Texas},
   journal = {Southeastern Archaeology},
   volume = {39},
   number = {2},
   pages = {125-145},
   ISSN = {0734-578X
2168-4723},
   DOI = {10.1080/0734578x.2020.1744416},
   year = {2020}
}

@article{RN9364,
   author = {Selden Jr, Robert Z. and Dockall, John E. and Bousman, C. Britt and Perttula, Timothy K.},
   title = {{Shape as a function of time + raw material + burial context? An exploratory analysis of Perdiz arrow points from the ancestral Caddo area of the American Southeast}},
   journal = {Journal of Archaeological Science: Reports},
   volume = {37},
   pages = {102916},
   ISSN = {2352409X},
   DOI = {10.1016/j.jasrep.2021.102916},
   year = {2021},
   type = {Journal Article}
}

@article{RN11097,
   author = {Selden Jr., Robert Z.},
   title = {Morphologically Similar, but Regionally Distinct: Perdiz Arrow Points from Caddo Burial Contexts in the American Southeast},
   journal = {Lithic Technology},
   volume = {(in press)},
   keywords = {computational archaeology; archaeoinformatics; geometric morphometrics; morphological disparity; phenotypic trajectory analysis; museum studies; digital humanities; STEM; STEAM},
   DOI = {10.1080/01977261.2022.2095492},
   url = {https://doi.org/10.1080/01977261.2022.2095492},
   year = {2022},
   type = {Journal Article}
}

@article{RN21007,
   author = {Marwick, Ben and Wang, Li-Ying and Robinson, Ryan and Loiselle, Hope},
   title = {How to Use Replication Assignments for Teaching Integrity in Empirical Archaeology},
   journal = {Advances in Archaeological Practice},
   volume = {8},
   number = {1},
   pages = {78-86},
   ISSN = {2326-3768},
   DOI = {10.1017/aap.2019.38},
   year = {2019}
}

@article{RN21008,
   author = {Peels, Rik and Bouter, Lex},
   title = {Humanities Need a Replication Drive Too},
   journal = {Nature},
   volume = {558},
   number = {7710},
   pages = {372},
   ISSN = {1476-4687 (Electronic)
0028-0836 (Linking)},
   DOI = {10.1038/d41586-018-05454-w},
   url = {https://www.ncbi.nlm.nih.gov/pubmed/29921855},
   year = {2018}
}